<?xml version="1.0" encoding="UTF-8"?><collection xmlns="http://www.loc.gov/MARC21/slim"><record><leader>00422nam--2200169-u-4500</leader><controlfield tag="001">000051661</controlfield><controlfield tag="002">20161230</controlfield><controlfield tag="005">20170102172327</controlfield><controlfield tag="008">080814s1000------------r-----000-0-eng-d</controlfield><datafield ind1=" " ind2=" " tag="040"><subfield code="a">IFIN-HH</subfield></datafield><datafield ind1=" " ind2=" " tag="080"><subfield code="a">517.5(076)</subfield></datafield><datafield ind1="1" ind2=" " tag="100"><subfield code="a">Evgrafov, M. A</subfield></datafield><datafield ind1="1" ind2="0" tag="245"><subfield code="a">Sbornic Zadach po Teorii Analiticheskikh Funktsii</subfield></datafield><datafield ind1=" " ind2=" " tag="260"><subfield code="a">Moskva</subfield><subfield code="b">Nauka</subfield><subfield code="c">1969</subfield></datafield><datafield ind1=" " ind2=" " tag="300"><subfield code="a">387 p</subfield></datafield><datafield ind1=" " ind2=" " tag="852"><subfield code="a">80664</subfield><subfield code="c">517.5</subfield></datafield><datafield ind1=" " ind2=" " tag="CAT"><subfield code="a">SYS</subfield><subfield code="c">20170102</subfield><subfield code="h">172327</subfield></datafield></record></collection>